@article{DISCO-EB:2024,
    author = "Hahn, Oliver and List, Florian and Porqueres, Natalia",
    title = "{DISCO-DJ I: a differentiable Einstein-Boltzmann solver for cosmology}",
    eprint = "2311.03291",
    archivePrefix = "arXiv",
    primaryClass = "astro-ph.CO",
    doi = "10.1088/1475-7516/2024/06/063",
    journal = "JCAP",
    volume = "06",
    pages = "063",
    year = "2024"
}

